<?xml version="1.0" encoding="UTF-8"?><collection xmlns="http://www.loc.gov/MARC21/slim"><record><leader>00632nam--2200205-i-4500</leader><controlfield tag="001">000015507</controlfield><controlfield tag="002">20161230</controlfield><controlfield tag="005">20161230201031</controlfield><controlfield tag="008">060222s1000------------r-----000-0-eng-d</controlfield><datafield ind1=" " ind2=" " tag="020"><subfield code="a">3540115153</subfield></datafield><datafield ind1=" " ind2=" " tag="040"><subfield code="a">IFIN-HH</subfield></datafield><datafield ind1=" " ind2=" " tag="080"><subfield code="a">537.222.22:548.4</subfield></datafield><datafield ind1="1" ind2=" " tag="100"><subfield code="a">Bourgoin, J</subfield></datafield><datafield ind1="1" ind2="0" tag="245"><subfield code="a">Point defects in semiconductors ii</subfield><subfield code="b">Experimental aspects. with a forevord by g.d.watkins</subfield><subfield code="c">J. bougoin, m. lannoo</subfield></datafield><datafield ind1=" " ind2=" " tag="260"><subfield code="a">Berlin</subfield><subfield code="b">Springer-verlag</subfield><subfield code="c">1983</subfield></datafield><datafield ind1=" " ind2=" " tag="300"><subfield code="a">XVI + 295 P. + 116 FIG</subfield></datafield><datafield ind1=" " ind2=" " tag="490"><subfield code="a">Springer Series In Solid-state Sciences</subfield><subfield code="v">Vol. 35</subfield></datafield><datafield ind1="1" ind2=" " tag="700"><subfield code="a">Lannoo, M</subfield></datafield><datafield ind1=" " ind2=" " tag="852"><subfield code="a">46526</subfield><subfield code="c">539.2</subfield></datafield><datafield ind1=" " ind2=" " tag="CAT"><subfield code="a">Sys</subfield><subfield code="c">20121029</subfield><subfield code="h">161252</subfield></datafield></record></collection>